@article{gulawani2006cfd,
  title={CFD analysis of flow pattern and heat transfer in direct contact steam condensation},
  author={Gulawani, Sagar S and Joshi, Jyeshtharaj B and Shah, Manish S and RamaPrasad, Chaganti S and Shukla, Daya S},
  journal={Chemical Engineering Science},
  volume={61},
  number={16},
  pages={5204--5220},
  year={2006},
  publisher={Elsevier}
}
@misc{consentAge,
  title={Age of Consent Law in Australia},
  author={Australian Institute of Family Studies},
  journal={Australian Government},
  volume={},
  number={16},
  pages={3},
  year={2021},
  publisher={Elsevier},
    url = "https://aifs.gov.au/sites/default/files/publication-documents/2104_age_of_consent_resource_sheet_0.pdf"
}
@misc{consentWebsite,
    author    = "Australian Government",
    title     = "Age of Consent Law in Australia",
    url       = "https://aifs.gov.au/sites/default/files/publication-documents/2104_age_of_consent_resource_sheet_0.pdf"
}
@misc{birthColum,
    author = "Australian Government",
    journal= "Columbia Electronic Press",
    title = "Birth: Columbia Electronic Encyclopedia",
    url = "https://www.encyclopedia.com/medicine/anatomy-and-physiology/anatomy-and-physiology/birth#5"
}
@misc{vulPol,
    author = "AIHW",
    journal= "Australian Government",
    title = "Vulnerability and disclosure policy",
    url = "https://www.aihw.gov.au/about-our-data/vulnerability-and-disclosure-policy"
}